<?xml version="1.0" encoding="UTF-8"?>
<record xmlns="http://www.loc.gov/MARC21/slim">
   <leader>01304cam a2200289 a 4500</leader>
   <controlfield tag="001">613768</controlfield>
   <controlfield tag="003">NjP</controlfield>
   <controlfield tag="005">20120522185825.0</controlfield>
   <controlfield tag="008">901127m19891991ir       b    10110 ara d</controlfield>
   <datafield tag="024" ind1="7" ind2=" ">
      <subfield code="a">princeton_aco003354</subfield>
      <subfield code="2">local</subfield>
   </datafield>
   <datafield ind1=" " ind2=" " tag="035">
      <subfield code="a">(OCoLC)28007956</subfield>
   </datafield>
   <datafield ind1=" " ind2=" " tag="035">
      <subfield code="a">(CStRLIN)NJPG90-B53237</subfield>
   </datafield>
   <datafield ind1=" " ind2=" " tag="035">
      <subfield code="9">ACU9883TS</subfield>
   </datafield>
   <datafield ind1=" " ind2=" " tag="040">
      <subfield code="a">NjP</subfield>
      <subfield code="c">NjP</subfield>
   </datafield>
   <datafield ind1="1" ind2=" " tag="100">
      <subfield code="a">Shabastarī, ʻAbd al-Ḥusayn.</subfield>
   </datafield>
   <datafield ind1="1" ind2="0" tag="245">
      <subfield code="a">Aḥsan al-tarājim li-aṣḥāb al-Imām Mūsá al-Kāẓim, ʻalayhi al-salīm /</subfield>
      <subfield code="c">taʾlīf ʻAbd al-Ḥusayn al-Shabastarī.</subfield>
   </datafield>
   <datafield ind1=" " ind2=" " tag="250">
      <subfield code="a">al-Ṭabʻah 1.</subfield>
   </datafield>
   <datafield ind1=" " ind2=" " tag="260">
      <subfield code="a">Mashhad :</subfield>
      <subfield code="b">al-Muʾtamar al-ʻĀlamī lil-Imām al-Riḍā,</subfield>
      <subfield code="c">1409-1411 [1989-1991]</subfield>
   </datafield>
   <datafield ind1=" " ind2=" " tag="300">
      <subfield code="a">2 v. ;</subfield>
      <subfield code="c">24 cm.</subfield>
   </datafield>
   <datafield ind1="1" ind2=" " tag="490">
      <subfield code="a">Kungrah-i Jahānī-i Ḥaz̤rat-i Riz̤ā ʻAlayhi al-Salām ;</subfield>
      <subfield code="v">23</subfield>
   </datafield>
   <datafield ind1=" " ind2=" " tag="500">
      <subfield code="a">Title page partially vocalized.</subfield>
   </datafield>
   <datafield ind1=" " ind2=" " tag="504">
      <subfield code="a">Includes bibliographical references (v. 2, p. 293-324) and indexes.</subfield>
   </datafield>
   <datafield ind1=" " ind2="0" tag="650">
      <subfield code="a">Hadith (Shiites)</subfield>
      <subfield code="x">Authorities</subfield>
      <subfield code="x">Congresses.</subfield>
   </datafield>
   <datafield ind1="0" ind2="0" tag="600">
      <subfield code="a">Mūsá al-Kāẓim ibn Jaʻfar,</subfield>
      <subfield code="d">745?-799</subfield>
      <subfield code="x">Hadith</subfield>
      <subfield code="x">Congresses.</subfield>
   </datafield>
   <datafield ind1="2" ind2=" " tag="711">
      <subfield code="a">Kungrah-i Jahānī-i Ḥaz̤rat-i Riz̤ā ʻAlayhi al-Salām</subfield>
      <subfield code="n">(3rd).</subfield>
   </datafield>
   <datafield ind1=" " ind2="0" tag="830">
      <subfield code="a">Kungrah-i Jahānī-i Ḥaz̤rat-i Riz̤ā ʻAlayhi al-Salām (series) ;</subfield>
      <subfield code="v">23.</subfield>
   </datafield>
   <datafield ind1=" " ind2=" " tag="998">
      <subfield code="a">04/22/93</subfield>
      <subfield code="s">9114</subfield>
      <subfield code="n">NjP</subfield>
      <subfield code="w">NJPG90B53237</subfield>
      <subfield code="d">11/27/90</subfield>
      <subfield code="c">JEB</subfield>
      <subfield code="b">JEB</subfield>
      <subfield code="i">930422</subfield>
      <subfield code="l">NJPG</subfield>
   </datafield>
   <datafield ind1=" " ind2=" " tag="911">
      <subfield code="a">19930429</subfield>
   </datafield>
   <datafield ind1=" " ind2=" " tag="912">
      <subfield code="a">19930422000000.0</subfield>
   </datafield>
   <datafield ind1="0" ind2="1" tag="852">
      <subfield code="0">673015</subfield>
      <subfield code="b">rcppa</subfield>
      <subfield code="t">1</subfield>
      <subfield code="h">BP193.28</subfield>
      <subfield code="i">.S52 1989</subfield>
      <subfield code="x">tr fr arab</subfield>
   </datafield>
   <datafield ind1=" " ind2="0" tag="866">
      <subfield code="0">673015</subfield>
      <subfield code="8">0</subfield>
      <subfield code="a">juzʾ 1-2</subfield>
   </datafield>
   <datafield ind1=" " ind2=" " tag="959">
      <subfield code="a">2000-06-13 00:00:00 -0400</subfield>
   </datafield>
</record>
